@comment{x-kbibtex-personnameformatting=<%l><, %f>}

@string{JAIR = {{J. Artif. Intell. Res.(JAIR)}}}

@string{AIJ = {{Artificial Intelligence}}}

@string{IEEE = {{Proc. of the IEEE}}}

@article{minton1990quantitative,
	author = {Minton, Steven},
	journal = AIJ,
	number = {2},
	pages = {363--391},
	publisher = {Elsevier},
	title = {{Quantitative Results Concerning the Utility of Explanation-Based Learning}},
	volume = {42},
	year = {1990}
}

@article{sacerdoti1974planning,
	author = {Sacerdoti, Earl D},
	journal = AIJ,
	number = {2},
	pages = {115--135},
	publisher = {Elsevier},
	title = {{Planning in a Hierarchy of Abstraction Spaces}},
	volume = {5},
	year = {1974}
}

@article{rintanen2012planning,
	author = {Rintanen, Jussi},
	journal = AIJ,
	pages = {45--86},
	publisher = {Elsevier},
	title = {{Planning as Satisfiability: Heuristics}},
	volume = {193},
	year = {2012}
}

@article{vitter1985random,
	author = {Vitter, Jeffrey S},
	journal = {ACM Transactions on Mathematical Software (TOMS)},
	number = {1},
	pages = {37--57},
	publisher = {ACM},
	title = {{Random Sampling with a Reservoir}},
	volume = {11},
	year = {1985}
}

@incollection{siddiqui2012block,
	author = {Siddiqui, Fazlul Hasan and Haslum, Patrik},
	booktitle = {{AI 2012: Advances in Artificial Intelligence}},
	pages = {803--814},
	publisher = {Springer},
	title = {{Block-Structured Plan Deordering}},
	year = {2012}
}

@article{FikesHN72,
	author = {Fikes, Richard E and Hart, Peter E. and Nilsson, Nils J.},
	bibsource = {dblp computer science bibliography, http://dblp.org},
	biburl = {http://dblp.uni-trier.de/rec/bib/journals/ai/FikesHN72},
	doi = {10.1016/0004-3702(72)90051-3},
	journal = AIJ,
	number = {1-3},
	pages = {251--288},
	title = {{Learning and Executing Generalized Robot Plans}},
	url = {http://dx.doi.org/10.1016/0004-3702(72)90051-3},
	volume = {3},
	year = {1972}
}

@article{hansen2007anytime,
	author = {Hansen, Eric A and Zhou, Rong},
	journal = JAIR,
	pages = {267--297},
	title = {{Anytime Heuristic Search}},
	volume = {28},
	year = {2007}
}

@article{hart1968formal,
	author = {Hart, Peter E. and Nilsson, Nils J. and Raphael, Bertram},
	journal = {Systems Science and Cybernetics, IEEE Transactions on},
	number = {2},
	pages = {100--107},
	publisher = {IEEE},
	title = {{A Formal Basis for the Heuristic Determination of Minimum Cost Paths}},
	volume = {4},
	year = {1968}
}

@article{korf1993linear,
	author = {Korf, Richard E.},
	journal = AIJ,
	number = {1},
	pages = {41--78},
	publisher = {Elsevier},
	title = {{Linear-Space Best-First Search}},
	volume = {62},
	year = {1993}
}

@article{lopez2015deterministic,
	author = {Coles, Amanda and Coles, Andrew and Olaya, {\'A}ngel Garc{\'i}a and Jim{\'e}nez, Sergio and L{\'o}pez, Carlos Linares and Sanner, Scott and Yoon, Sung Wook},
	journal = {AI Magazine},
	number = {1},
	pages = {83--88},
	title = {{A Survey of the Seventh International Planning Competition}},
	volume = {33},
	year = {2012}
}

@article{porteous2010applying,
	author = {Porteous, Julie and Cavazza, Marc and Charles, Fred},
	journal = {ACM Transactions on Intelligent Systems and Technology (TIST)},
	number = {2},
	pages = {10},
	publisher = {ACM},
	title = {{Applying Planning to Interactive Storytelling: Narrative Control using State Constraints}},
	volume = {1},
	year = {2010}
}

@article{felner2011inconsistent,
	author = {Felner, Ariel and Zahavi, Uzi and Holte, Robert C. and Schaeffer, Jonathan and Sturtevant, Nathan R. and Zhang, Zhifu},
	bibsource = {dblp computer science bibliography, http://dblp.org},
	biburl = {http://dblp.uni-trier.de/rec/bib/journals/ai/FelnerZHSSZ11},
	doi = {10.1016/j.artint.2011.02.001},
	journal = JAIR,
	number = {9-10},
	pages = {1570--1603},
	title = {{Inconsistent Heuristics in Theory and Practice}},
	url = {http://dx.doi.org/10.1016/j.artint.2011.02.001},
	volume = {175},
	year = {2011}
}

@article{petersen2011termes,
	author = {Petersen, Kirstin Hagelskjaer and Nagpal, Radhika and Werfel, Justin K},
	publisher = {MIT Press},
	title = {{TERMES: An Autonomous Robotic System for Three-Dimensional Collective Construction}},
	year = {2011}
}

@incollection{yu2013multi,
	author = {Yu, Jingjin and LaValle, Steven M},
	booktitle = {{Algorithmic Foundations of Robotics}},
	pages = {157--173},
	publisher = {Springer},
	title = {{Multi-Agent Path Planning and Network Flow}},
	year = {2013}
}

@article{hoffmann2012sap,
	author = {Hoffmann, J{\"o}rg and Weber, Ingo and Kraft, Frank Michael},
	journal = JAIR,
	pages = {587--632},
	title = {{SAP Speaks PDDL: Exploiting a Software-Engineering Model for Planning in Business Process Management}},
	year = {2012}
}

@article{muscettola1998remote,
	author = {Muscettola, Nicola and Nayak, P Pandurang and Pell, Barney and Williams, Brian C},
	journal = AIJ,
	number = {1},
	pages = {5--47},
	publisher = {Elsevier},
	title = {{Remote Agent: To Boldly Go where No AI System Has Gone Before}},
	volume = {103},
	year = {1998}
}

@article{cormier1992review,
	author = {Cormier, Gilles and Gunn, Eldon A},
	journal = {European Journal of Operational Research},
	number = {1},
	pages = {3--13},
	publisher = {Elsevier},
	title = {{A Review of Warehouse Models}},
	volume = {58},
	year = {1992}
}

@article{nguyen2012generating,
	author = {Nguyen, Tuan Anh and Do, Minh Binh and Gerevini, Alfonso Emilio and Serina, Ivan and Srivastava, Biplav and Kambhampati, Subbarao},
	journal = AIJ,
	pages = {1--31},
	publisher = {Elsevier},
	title = {{Generating Diverse Plans to Handle Unknown and Partially Known User Preferences}},
	volume = {190},
	year = {2012}
}

@article{backstrom1995complexity,
	author = {B{\"a}ckstr{\"o}m, Christer and Nebel, Bernhard},
	journal = {Computational Intelligence},
	number = {4},
	pages = {625--655},
	publisher = {Wiley Online Library},
	title = {{Complexity Results for SAS+ Planning}},
	volume = {11},
	year = {1995}
}

@article{bacchus2000using,
	author = {Bacchus, Fahiem and Kabanza, Froduald},
	journal = AIJ,
	number = {1},
	pages = {123--191},
	publisher = {Elsevier},
	title = {{Using Temporal Logics to Express Search Control Knowledge for Planning}},
	volume = {116},
	year = {2000}
}

@article{Blum1997,
	author = {Blum, Avrim L and Furst, Merrick L},
	journal = AIJ,
	number = {1},
	owner = {guicho},
	pages = {281--300},
	publisher = {Elsevier},
	title = {{Fast Planning Through Planning Graph Analysis}},
	volume = {90},
	year = {1997}
}

@article{bonet2001planning,
	author = {Bonet, Blai and Geffner, H{\'e}ctor},
	journal = AIJ,
	number = {1},
	pages = {5--33},
	publisher = {Elsevier},
	title = {{Planning as Heuristic Search}},
	volume = {129},
	year = {2001}
}

@article{Botea2005,
	author = {Botea, Adi and Enzenberger, Markus and M{\"u}ller, Martin and Schaeffer, Jonathan},
	journal = JAIR,
	owner = {guicho},
	pages = {581--621},
	title = {{Macro-FF: Improving AI Planning with Automatically Learned Macro-Operators}},
	url = {http://www.aaai.org/Papers/JAIR/Vol24/JAIR-2415.pdf},
	volume = {24},
	year = {2005}
}

@article{bylander1996,
	author = {Bylander, Tom},
	journal = AIJ,
	number = {1},
	pages = {241--271},
	publisher = {Elsevier},
	title = {{A Probabilistic Analysis of Prepositional {STRIPS} Planning}},
	volume = {81},
	year = {1996}
}

@article{Chrpa2010,
	author = {Chrpa, Luk{\'a}\v{s}},
	journal = {Knowledge Engineering Review},
	number = {3},
	owner = {guicho},
	pages = {281},
	publisher = {Cambridge Univ Press},
	title = {{Generation of Macro-Operators via Investigation of Action Dependencies in Plans}},
	url = {http://journals.cambridge.org/production/action/cjoGetFulltext?fulltextid=7875408},
	volume = {25},
	year = {2010}
}

@article{dawande2005sequencing,
	author = {Dawande, Milind and Geismar, H Neil and Sethi, Suresh P and Sriskandarajah, Chelliah},
	journal = {Journal of Scheduling},
	number = {5},
	pages = {387--426},
	publisher = {Springer},
	title = {{Sequencing and Scheduling in Robotic Cells: Recent Developments}},
	volume = {8},
	year = {2005}
}

@article{fikes1972strips,
	author = {Fikes, Richard E and Nilsson, Nils J.},
	journal = AIJ,
	number = {3},
	pages = {189--208},
	publisher = {Elsevier},
	title = {{STRIPS: A New Approach to the Application of Theorem Proving to Problem Solving}},
	volume = {2},
	year = {1972}
}

@article{Fox1998,
	author = {Fox, Maria and Long, Derek},
	journal = JAIR,
	owner = {guicho},
	pages = {367--421},
	title = {{The Automatic Inference of State Invariants in {TIM}}},
	url = {http://arxiv.org/abs/1105.5451},
	year = {1998}
}

@article{gupta1992complexity,
	author = {Gupta, Naresh and Nau, Dana S},
	journal = AIJ,
	number = {2},
	pages = {223--254},
	publisher = {Elsevier},
	title = {{On the Complexity of Blocks-World Planning}},
	volume = {56},
	year = {1992}
}

@article{helbing1998generalized,
	author = {Helbing, Dirk and Tilch, Benno},
	journal = {Physical Review E},
	number = {1},
	pages = {133},
	publisher = {APS},
	title = {{Generalized Force Model of Traffic Dynamics}},
	volume = {58},
	year = {1998}
}

@article{Helmert2006,
	author = {Helmert, Malte},
	journal = JAIR,
	owner = {guicho},
	pages = {191--246},
	title = {{The Fast Downward Planning System}},
	url = {http://www.aaai.org/Papers/JAIR/Vol26/JAIR-2606.pdf},
	volume = {26},
	year = {2006}
}

@article{junghanns2001sokoban,
	author = {Junghanns, Andreas and Schaeffer, Jonathan},
	journal = AIJ,
	number = {1},
	pages = {219--251},
	publisher = {Elsevier},
	title = {{Sokoban: Enhancing General Single-Agent Search Methods using Domain Knowledge}},
	volume = {129},
	year = {2001}
}

@article{lavalle1998rapidly,
	author = {LaValle, Steven M},
	title = {{Rapidly-Exploring Random Trees: A New Tool for Path Planning}},
	year = {1998}
}

@article{nau2003shop2,
	author = {Nau, Dana S and Au, Tsz Chiu and Ilghami, Okhtay and Kuter, Ugur and Murdock, J William and Wu, Dan and Yaman, Fusun},
	journal = JAIR,
	pages = {379--404},
	title = {{SHOP2: An HTN Planning System}},
	volume = {20},
	year = {2003}
}

@book{russell1995artificial,
	author = {Russell, Stuart Jonathan and Norvig, Peter and Canny, John F and Malik, Jitendra M and Edwards, Douglas D},
	publisher = {Prentice hall Englewood Cliffs},
	title = {{Artificial Intelligence: A Modern Approach}},
	volume = {2},
	year = {1995}
}

@article{Schoenauer2006,
	author = {Schoenauer, Marc and Sav{\'e}ant, Pierre and Vidal, Vincent},
	journal = {Evolutionary Computation in Combinatorial Optimization},
	owner = {guicho},
	pages = {247--260},
	publisher = {Springer},
	title = {{Divide-and-Evolve: A New Memetic Scheme for Domain-Independent Temporal Planning}},
	url = {http://link.springer.com/chapter/10.1007/11730095_21},
	year = {2006}
}

@article{Vidal2006a,
	author = {Vidal, Vincent and Geffner, H{\'e}ctor},
	journal = AIJ,
	number = {3},
	owner = {guicho},
	pages = {298--335},
	publisher = {Elsevier},
	title = {{Branching and Pruning: An Optimal Temporal {POCL} Planner based on Constraint Programming}},
	volume = {170},
	year = {2006}
}

@article{lopez2015deterministic,
	author = {L{\'o}pez, Carlos Linares and Celorrio, Sergio Jim{\'e}nez and Olaya, {\'A}ngel Garc{\'i}a},
	journal = AIJ,
	pages = {82--119},
	publisher = {Elsevier},
	title = {{The Deterministic Part of the Seventh International Planning Competition}},
	volume = {223},
	year = {2015}
}

@article{bylander1994,
	author = {Bylander, Tom},
	journal = AIJ,
	number = {1},
	pages = {165--204},
	publisher = {Elsevier},
	title = {{The Computational Complexity of Propositional {STRIPS} Planning}},
	volume = {69},
	year = {1994}
}

@article{HubermanLH97,
	author = {Huberman, Bernardo A. and Lukose, Rajan M. and Hogg, Tad},
	journal = {Science},
	month = {January 3},
	pages = {51--54},
	title = {{An Economics Approach to Hard Computational Problems}},
	volume = {275},
	year = {1997}
}

@article{GomesS01,
	author = {Gomes, Carla P. and Selman, Bart},
	bibsource = {dblp computer science bibliography, http://dblp.org},
	biburl = {http://dblp.uni-trier.de/rec/bib/journals/ai/GomesS01},
	doi = {10.1016/S0004-3702(00)00081-3},
	journal = AIJ,
	number = {1-2},
	pages = {43--62},
	title = {{Algorithm Portfolios}},
	url = {http://dx.doi.org/10.1016/S0004-3702(00)00081-3},
	volume = {126},
	year = {2001}
}

@article{Hoffmann11,
	author = {Hoffmann, J{\"o}rg},
	journal = JAIR,
	number = {2},
	pages = {155--229},
	title = {{Analyzing Search Topology Without Running Any Search: On the Connection Between Causal Graphs and $h^+$}},
	volume = {41},
	year = {2011}
}

@article{Hoffmann05,
	author = {Hoffmann, J{\"o}rg},
	bibsource = {dblp computer science bibliography, http://dblp.org},
	biburl = {http://dblp.uni-trier.de/rec/bib/journals/jair/Hoffmann05},
	doi = {10.1613/jair.1747},
	journal = JAIR,
	pages = {685--758},
	title = {{Where 'Ignoring Delete Lists' Works: Local Search Topology in Planning Benchmarks}},
	url = {http://dx.doi.org/10.1613/jair.1747},
	volume = {24},
	year = {2005}
}

@book{Nilsson71,
	author = {Nilsson, Nils J.},
	publisher = {McGraw-Hill},
	title = {{Problem Solving Methods in Artificial Intelligence}},
	year = 1971
}

@article{fink1999applications,
	author = {Fink, Andreas and Voss, Stefan},
	journal = {Computers \& Operations Research},
	number = {1},
	pages = {17--34},
	publisher = {Elsevier},
	title = {{Applications of Modern Heuristic Search Methods to Pattern Sequencing Problems}},
	volume = {26},
	year = {1999}
}

@article{HelmertHHN14,
	author = {Helmert, Malte and Haslum, Patrik and Hoffmann, J{\"o}rg and Nissim, Raz},
	bibsource = {dblp computer science bibliography, http://dblp.org},
	biburl = {http://dblp.uni-trier.de/rec/bib/journals/jacm/HelmertHHN14},
	doi = {10.1145/2559951},
	journal = {Journal of {ACM}},
	number = {3},
	pages = {16:1--16:63},
	title = {{Merge-and-Shrink Abstraction: {A} Method for Generating Lower Bounds in Factored State Spaces}},
	url = {http://doi.acm.org/10.1145/2559951},
	volume = {61},
	year = {2014}
}

@article{mero1984heuristic,
	author = {Mero, Laszlo},
	journal = AIJ,
	number = {1},
	pages = {13--27},
	publisher = {Elsevier},
	title = {{A Heuristic Search Algorithm with Modifiable Estimate}},
	volume = {23},
	year = {1984}
}

@article{dijkstra1959note,
	author = {Dijkstra, Edsger W},
	journal = {Numerische mathematik},
	number = {1},
	pages = {269--271},
	publisher = {Springer},
	title = {{A Note on Two Problems in Connexion with Graphs}},
	volume = {1},
	year = {1959}
}

@article{neisser1996intelligence,
	author = {Neisser, Ulric and Boodoo, Gwyneth and {Bouchard Jr}, Thomas J and Boykin, A Wade and Brody, Nathan and Ceci, Stephen J and Halpern, Diane F and Loehlin, John C and Perloff, Robert and Sternberg, Robert J and others},
	journal = {American Psychologist},
	number = {2},
	pages = {77},
	publisher = {American Psychological Association},
	title = {{Intelligence: Knowns and Unknowns}},
	volume = {51},
	year = {1996}
}

@book{pearl1984heuristics,
	author = {Pearl, Judea},
	publisher = {Addison-Wesley Pub. Co., Inc., Reading, MA},
	title = {{Heuristics: Intelligent Search Strategies for Computer Problem Solving}},
	year = {1984}
}

@article{lavalle2001randomized,
	author = {LaValle, Steven M and Kuffner, James J},
	journal = {The International Journal of Robotics Research},
	number = {5},
	pages = {378--400},
	publisher = {SAGE Publications},
	title = {{Randomized Kinodynamic Planning}},
	volume = {20},
	year = {2001}
}

@article{korf1985depth,
	author = {Korf, Richard E.},
	journal = AIJ,
	number = {1},
	pages = {97--109},
	publisher = {Elsevier},
	title = {{Depth-First Iterative-Deepening: An Optimal Admissible Tree Search}},
	volume = {27},
	year = {1985}
}

@article{richter2010lama,
	author = {Richter, Silvia and Westphal, Matthias},
	journal = JAIR,
	number = {1},
	pages = {127--177},
	title = {{The LAMA Planner: Guiding Cost-Based Anytime Planning with Landmarks}},
	volume = {39},
	year = {2010}
}

@other{val4.2,
	owner = {guicho},
	url = {http://www.plg.inf.uc3m.es/ipc2011-deterministic/attachments/FrontPage(2f)Software/VAL-4.2.09.tar.gz}
}

@book{PegsolBook,
	author = {Co, Lubbers \& Bell Mfg.},
	note = {Clinton, Iowa},
	title = {{The Game {P}uzzle-{P}eg}},
	year = {1924}
}

@article{felner2003kbfs,
	author = {Felner, Ariel and Kraus, Sarit and Korf, Richard E.},
	journal = {Annals of Mathematics and Artificial Intelligence},
	number = {1-2},
	pages = {19--39},
	publisher = {Springer},
	title = {{KBFS: K-Best-First Search}},
	volume = {39},
	year = {2003}
}

@article{levesque1987expressiveness,
	author = {Levesque, Hector J and Brachman, Ronald J},
	journal = {Computational Intelligence},
	number = {1},
	pages = {78--93},
	publisher = {Wiley Online Library},
	title = {{Expressiveness and Tractability in Knowledge Representation and Reasoning}},
	volume = {3},
	year = {1987}
}

@incollection{benzmuller1997omegamega,
	author = {Benzm{\"u}ller, Christoph and Cheikhrouhou, Lassaad and Fehrer, Detlef and Fiedler, Armin and Huang, Xiaorong and Kerber, Manfred and Kohlhase, Michael and Konrad, Karsten and Meier, Andreas and Melis, Erica and others},
	booktitle = {{Automated Deduction---CADE-14}},
	pages = {252--255},
	publisher = {Springer},
	title = {{$\Omega$mega: Towards a Mathematical Assistant}},
	year = {1997}
}

@article{melis1999knowledge,
	author = {Melis, Erica and Siekmann, J{\"o}rg},
	journal = AIJ,
	number = {1},
	pages = {65--105},
	publisher = {Elsevier},
	title = {{Knowledge-Based Proof Planning}},
	volume = {115},
	year = {1999}
}

@article{hoffmann01,
	author = {Hoffmann, J{\"o}rg and Nebel, Bernhard},
	bibsource = {dblp computer science bibliography, http://dblp.org},
	biburl = {http://dblp.uni-trier.de/rec/bib/journals/jair/HoffmannN01},
	doi = {10.1613/jair.855},
	journal = JAIR,
	pages = {253--302},
	title = {{The FF Planning System: Fast Plan Generation through Heuristic Search}},
	url = {http://dx.doi.org/10.1613/jair.855},
	volume = {14},
	year = {2001}
}

@incollection{edelkamp2000exhibiting,
	author = {Edelkamp, Stefan and Helmert, Malte},
	booktitle = {{Recent Advances in AI Planning}},
	pages = {135--147},
	publisher = {Springer},
	title = {{Exhibiting Knowledge in Planning Problems to Minimize State Encoding Length}},
	year = {2000}
}

@article{Coles07,
	author = {Coles, Andrew and Smith, Amanda},
	bibsource = {DBLP, http://dblp.uni-trier.de},
	ee = {http://dx.doi.org/10.1613/jair.2077},
	journal = JAIR,
	pages = {119--156},
	title = {{Marvin: A Heuristic Search Planner with Online Macro-Action Learning}},
	volume = {28},
	year = {2007}
}

@article{Korf87,
	author = {Korf, Richard E.},
	bibsource = {dblp computer science bibliography, http://dblp.org},
	biburl = {http://dblp.uni-trier.de/rec/bib/journals/ai/Korf87},
	doi = {10.1016/0004-3702(87)90051-8},
	journal = AIJ,
	number = 1,
	pages = {65--88},
	title = {{Planning as Search: {A} Quantitative Approach}},
	url = {http://dx.doi.org/10.1016/0004-3702(87)90051-8},
	volume = 33,
	year = 1987
}

@article{dejong1986explanation,
	author = {DeJong, Gerald and Mooney, Raymond},
	journal = {Machine Learning},
	number = {2},
	pages = {145--176},
	publisher = {Springer},
	title = {{Explanation-Based Learning: An Alternative View}},
	volume = {1},
	year = {1986}
}

@article{Korf85a,
	author = {Korf, Richard E.},
	bibsource = {dblp computer science bibliography, http://dblp.org},
	biburl = {http://dblp.uni-trier.de/rec/bib/journals/ai/Korf85a},
	doi = {10.1016/0004-3702(85)90012-8},
	journal = JAIR,
	number = {1},
	pages = {35--77},
	title = {{Macro-Operators: {A} Weak Method for Learning}},
	url = {http://dx.doi.org/10.1016/0004-3702(85)90012-8},
	volume = {26},
	year = {1985}
}

@article{FinkelsteinM98,
	author = {Finkelstein, Lev and Markovitch, Shaul},
	bibsource = {dblp computer science bibliography, http://dblp.org},
	doi = {10.1613/jair.484},
	journal = JAIR,
	pages = {223--263},
	title = {{A Selective Macro-learning Algorithm and its Application to the NxN Sliding-Tile Puzzle}},
	url = {http://dx.doi.org/10.1613/jair.484; http://dblp.uni-trier.de/rec/bib/journals/jair/FinkelsteinM98},
	volume = {8},
	year = {1998}
}

@techreport{Markovitch99,
	author = {Markovitch, Shaul},
	institution = {Technion},
	number = {Technical Report CIS9907},
	title = {{Applications of Macro Learning to Path Planning}},
	year = 1999
}

@article{MarkovitchS93,
	author = {Markovitch, Shaul and Scott, Paul D.},
	bibsource = {dblp computer science bibliography, http://dblp.org},
	biburl = {http://dblp.uni-trier.de/rec/bib/journals/ml/MarkovitchS93},
	doi = {10.1007/BF00993503},
	journal = {Machine Learning},
	pages = {113--151},
	title = {{Information Filtering: Selection Mechanisms in Learning Systems}},
	url = {http://dx.doi.org/10.1007/BF00993503},
	volume = {10},
	year = {1993}
}

@article{auer2002finite,
	author = {Auer, Peter and Cesa-Bianchi, Nicolo and Fischer, Paul},
	journal = {Machine Learning},
	number = {2-3},
	pages = {235--256},
	publisher = {Springer},
	title = {{Finite-Time Analysis of the Multiarmed Bandit Problem}},
	volume = {47},
	year = {2002}
}

@article{van2005optiplan,
	author = {van den Briel, Menkes and Kambhampati, Subbarao},
	journal = JAIR,
	pages = {919--931},
	title = {{Optiplan: Unifying IP-based and Graph-based Planning}},
	volume = {24},
	year = {2005}
}

@article{pearl1982studies,
	author = {Pearl, Judea and Kim, Jin H},
	journal = {Pattern Analysis and Machine Intelligence, IEEE Transactions on},
	number = {4},
	pages = {392--399},
	publisher = {IEEE},
	title = {{Studies in Semi-Admissible Heuristics}},
	year = {1982}
}

@article{likhachev2008anytime,
  title={Anytime search in dynamic graphs},
  author={Likhachev, Maxim and Ferguson, Dave and Gordon, Geoff and Stentz, Anthony and Thrun, Sebastian},
  journal={Artificial Intelligence},
  volume={172},
  number={14},
  pages={1613--1643},
  year={2008},
  publisher={Elsevier}

@article{wilkinson1983invasion,
	author = {Wilkinson, David and Willemsen, Jorge F},
	journal = {Journal of Physics A: Mathematical and General},
	number = {14},
	pages = {3365},
	publisher = {IOP Publishing},
	title = {{Invasion Percolation: A New Form of Percolation Theory}},
	volume = {16},
	year = {1983}
}

@article{barabasi1996invasion,
	author = {Barab{\'a}si, Albert-L{\'a}szl{\'o}},
	journal = {Physical Review Letters},
	number = {20},
	pages = {3750},
	publisher = {APS},
	title = {{Invasion Percolation and Global Optimization}},
	volume = {76},
	year = {1996}
}

@article{prim1957shortest,
	author = {Prim, Robert Clay},
	journal = {Bell System Technical Journal},
	number = {6},
	pages = {1389--1401},
	publisher = {Wiley Online Library},
	title = {{Shortest Connection Networks and Some Generalizations}},
	volume = {36},
	year = {1957}
}

@article{zobrist1970new,
	author = {Zobrist, Albert L},
	journal = {ICCA journal},
	number = {2},
	pages = {69--73},
	title = {{A New Hashing Method with Application for Game Playing}},
	volume = {13},
	year = {1970}
}

@article{edmonds1967optimum,
	author = {Edmonds, Jack},
	journal = {Journal of Research of the National Bureau of Standards B},
	number = {4},
	pages = {233--240},
	title = {{Optimum Branchings}},
	volume = {71},
	year = {1967}
}

@article{chu1965shortest,
	author = {Chu, Yoeng-Jin and Liu, Tseng-Hong},
	journal = {Scientia Sinica},
	number = {10},
	pages = {1396},
	publisher = {SCIENCE PRESS 16 DONGHUANGCHENGGEN NORTH ST, BEIJING 100717, PEOPLES R CHINA},
	title = {{On Shortest Arborescence of a Directed Graph}},
	volume = {14},
	year = {1965}
}

@article{tarjan1977finding,
	author = {Tarjan, Robert Endre},
	journal = {Networks},
	number = {1},
	pages = {25--35},
	publisher = {Wiley Online Library},
	title = {{Finding Optimum Branchings}},
	volume = {7},
	year = {1977}
}

@article{gabow1986efficient,
	author = {Gabow, Harold N and Galil, Zvi and Spencer, Thomas and Tarjan, Robert E},
	journal = {Combinatorica},
	number = {2},
	pages = {109--122},
	publisher = {Springer},
	title = {{Efficient Algorithms for Finding Minimum Spanning Trees in Undirected and Directed Graphs}},
	volume = {6},
	year = {1986}
}

@article{domshlak2015red,
	author = {Domshlak, Carmel and Hoffmann, J{\"o}rg and Katz, Michael},
	journal = AIJ,
	pages = {73--114},
	publisher = {Elsevier},
	title = {{Red-Black Planning: A New Systematic Approach to Partial Delete Relaxation}},
	volume = {221},
	year = {2015}
}

@article{KorfF02,
	author = {Korf, Richard E. and Felner, Ariel},
	bibsource = {dblp computer science bibliography, http://dblp.org},
	doi = {10.1016/S0004-3702(01)00092-3},
	journal = AIJ,
	number = {1-2},
	pages = {9--22},
	timestamp = {Wed, 19 Nov 2003 16:01:13 +0100},
	title = {{Disjoint Pattern Database Heuristics}},
	url = {http://dx.doi.org/10.1016/S0004-3702(01)00092-3; http://dblp.uni-trier.de/rec/bib/journals/ai/KorfF02},
	volume = {134},
	year = {2002}
}

@article{McDermott00,
	author = {McDermott, Drew V.},
	bibsource = {dblp computer science bibliography, http://dblp.org},
	biburl = {http://dblp.uni-trier.de/rec/bib/journals/aim/McDermott00},
	journal = {{AI} Magazine},
	number = {2},
	pages = {35--55},
	timestamp = {Wed, 29 Dec 2010 17:09:08 +0100},
	title = {{The 1998 {AI} Planning Systems Competition}},
	url = {http://www.aaai.org/ojs/index.php/aimagazine/article/view/1506},
	volume = {21},
	year = {2000}
}

@article{dqn,
	author = {Mnih, Volodymyr and Kavukcuoglu, Koray and Silver, David and Rusu, Andrei A and Veness, Joel and Bellemare, Marc G and Graves, Alex and Riedmiller, Martin and Fidjeland, Andreas K and Ostrovski, Georg and others},
	journal = {Nature},
	number = {7540},
	pages = {529--533},
	publisher = {Nature Research},
	title = {{Human-Level Control through Deep Reinforcement Learning}},
	volume = {518},
	year = {2015}
}

@article{neuraltm,
	author = {Graves, Alex and Wayne, Greg and Reynolds, Malcolm and Harley, Tim and Danihelka, Ivo and Grabska-Barwi{\'n}ska, Agnieszka and Colmenarejo, Sergio G{\'o}mez and Grefenstette, Edward and Ramalho, Tiago and Agapiou, John and others},
	journal = {Nature},
	number = {7626},
	pages = {471--476},
	publisher = {Nature Research},
	title = {{Hybrid Computing using a Neural Network with Dynamic External Memory}},
	volume = {538},
	year = {2016}
}

@article{alphago,
	author = {Silver, David and Huang, Aja and Maddison, Chris J and Guez, Arthur and Sifre, Laurent and {Van Den Driessche}, George and Schrittwieser, Julian and Antonoglou, Ioannis and Panneershelvam, Veda and Lanctot, Marc and others},
	journal = {Nature},
	number = {7587},
	pages = {484--489},
	publisher = {Nature Publishing Group},
	title = {{Mastering the Game of Go with Deep Neural Networks and Tree Search}},
	volume = {529},
	year = {2016}
}

@article{hopfield1985neural,
	author = {Hopfield, John J and Tank, David W},
	journal = {Biological Cybernetics},
	number = {3},
	pages = {141--152},
	publisher = {Springer},
	title = {{"Neural" Computation of Decisions in Optimization Problems}},
	volume = {52},
	year = {1985}
}

@article{bieszczad1998neurosolver,
	author = {Bieszczad, Andrzej and Pagurek, Bernard},
	journal = {Information Sciences},
	number = {1-4},
	pages = {239--277},
	publisher = {Elsevier},
	title = {{Neurosolver: Neuromorphic General Problem Solver}},
	volume = {105},
	year = {1998}
}

@article{srivastava2014dropout,
	author = {Srivastava, Nitish and Hinton, Geoffrey E and Krizhevsky, Alex and Sutskever, Ilya and Salakhutdinov, Ruslan},
	journal = {Journal of Machine Learning Research},
	number = {1},
	pages = {1929--1958},
	title = {{Dropout: A Simple Way to Prevent Neural Networks from Overfitting.}},
	volume = {15},
	year = {2014}
}

@book{Goodfellow-et-al-2016,
	author = {Goodfellow, Ian and Bengio, Yoshua and Courville, Aaron},
	note = {\url{http://www.deeplearningbook.org}},
	publisher = {MIT Press},
	title = {{Deep Learning}},
	year = {2016}
}

@article{ArfaeeZH11,
	author = {Arfaee, Shahab Jabbari and Zilles, Sandra and Holte, Robert C.},
	bibsource = {dblp computer science bibliography, http://dblp.org},
	doi = {10.1016/j.artint.2011.08.001},
	journal = AIJ,
	number = {16-17},
	pages = {2075--2098},
	timestamp = {Fri, 23 Sep 2011 15:03:59 +0200},
	title = {{Learning Heuristic Functions for Large State Spaces}},
	url = {http://dx.doi.org/10.1016/j.artint.2011.08.001; http://dblp.uni-trier.de/rec/bib/journals/ai/ArfaeeZH11},
	volume = {175},
	year = {2011}
}

@article{SatzgerK13,
	author = {Satzger, Benjamin and Kramer, Oliver},
	bibsource = {dblp computer science bibliography, http://dblp.org},
	biburl = {http://dblp.uni-trier.de/rec/bib/journals/nc/SatzgerK13},
	doi = {10.1007/s11047-012-9332-y},
	journal = {Natural Computing},
	number = {1},
	pages = {87--100},
	timestamp = {Fri, 04 Jul 2014 07:38:39 +0200},
	title = {{Goal Distance Estimation for Automated Planning using Neural Networks and Support Vector Machines}},
	url = {http://dx.doi.org/10.1007/s11047-012-9332-y},
	volume = {12},
	year = {2013}
}

@article{lecun1998gradient,
	author = {LeCun, Yann and Bottou, L{\'e}on and Bengio, Yoshua and Haffner, Patrick},
	journal = IEEE,
	number = {11},
	pages = {2278--2324},
	publisher = {IEEE},
	title = {{Gradient-Based Learning Applied to Document Recognition}},
	volume = {86},
	year = {1998}
}

@article{YangWJ07,
	author = {Yang, Qiang and Wu, Kangheng and Jiang, Yunfei},
	bibsource = {dblp computer science bibliography, http://dblp.org},
	doi = {10.1016/j.artint.2006.11.005},
	journal = AIJ,
	number = {2-3},
	pages = {107--143},
	timestamp = {Wed, 11 Dec 2013 16:46:51 +0100},
	title = {{Learning Action Models from Plan Examples using Weighted {MAX-SAT}}},
	url = {http://dx.doi.org/10.1016/j.artint.2006.11.005; http://dblp.uni-trier.de/rec/bib/journals/ai/YangWJ07},
	volume = {171},
	year = {2007}
}

@article{hinton2006reducing,
	author = {Hinton, Geoffrey E and Salakhutdinov, Ruslan R},
	journal = {Science},
	number = {5786},
	pages = {504--507},
	publisher = {American Association for the Advancement of Science},
	title = {{Reducing the Dimensionality of Data with Neural Networks}},
	volume = {313},
	year = {2006}
}

@article{bourlard1988auto,
	author = {Bourlard, Herv{\'e} and Kamp, Yves},
	journal = {Biological Cybernetics},
	number = {4},
	pages = {291--294},
	publisher = {Springer},
	title = {{Auto-Association by Multilayer Perceptrons and Singular Value Decomposition}},
	volume = {59},
	year = {1988}
}

@article{garnelo2016towards,
	author = {Garnelo, Marta and Arulkumaran, Kai and Shanahan, Murray},
	journal = {arXiv preprint arXiv:1609.05518},
	title = {{Towards Deep Symbolic Reinforcement Learning}},
	year = {2016}
}

@article{JimenezRFFB12,
	author = {Celorrio, Sergio Jim{\'e}nez and de la Rosa, Tom{\'a}s and Fern{\'a}ndez, Susana and Fern{\'a}ndez, Fernando and Borrajo, Daniel},
	bibsource = {dblp computer science bibliography, http://dblp.org},
	biburl = {http://dblp.uni-trier.de/rec/bib/journals/ker/JimenezRFFB12},
	doi = {10.1017/S026988891200001X},
	journal = {Knowledge Engineering Review},
	number = {4},
	pages = {433--467},
	timestamp = {Thu, 31 Oct 2013 17:38:32 +0100},
	title = {{A Review of Machine Learning for Automated Planning}},
	url = {http://dx.doi.org/10.1017/S026988891200001X},
	volume = {27},
	year = {2012}
}

@article{kirk2016learning,
	author = {Kirk, James R and Laird, John E},
	journal = {Advances in Cognitive Systems},
	title = {{Learning General and Efficient Representations of Novel Games Through Interactive Instruction}},
	volume = {4},
	year = {2016}
}

@article{ArgallCVB09,
	author = {Argall, Brenna and Chernova, Sonia and Veloso, Manuela M. and Browning, Brett},
	bibsource = {dblp computer science bibliography, http://dblp.org},
	biburl = {http://dblp.uni-trier.de/rec/bib/journals/ras/ArgallCVB09},
	doi = {10.1016/j.robot.2008.10.024},
	journal = {Robotics and Autonomous Systems},
	number = {5},
	pages = {469--483},
	timestamp = {Tue, 16 Jun 2009 11:09:46 +0200},
	title = {{A Survey of Robot Learning from Demonstration}},
	url = {http://dx.doi.org/10.1016/j.robot.2008.10.024},
	volume = {57},
	year = {2009}
}

@article{asai2017tie,
  title={{Tie-Breaking Strategies for Cost-Optimal Best First Search}},
  author={Asai, Masataro and Fukunaga, Alex},
  journal=JAIR,
  volume={58},
  pages={67--121},
  year={2017}
}

@book{falconer2004fractal,
  title={{Fractal Geometry: Mathematical Foundations and Applications}},
  Author={Falconer, Kenneth},
  year={2004},
  publisher={John Wiley \& Sons}
}

@book{stauffer1994introduction,
  title={{Introduction to Percolation Theory}},
  author={Stauffer, Dietrich and Aharony, Ammon},
  year={1994},
  publisher={CRC press}
}

@book{mandelbrot1977fractals,
  title={Fractals},
  author={Mandelbrot, Benoit B},
  year={1977},
  publisher={Wiley Online Library}
}
@article{sheppard1999invasion,
  title={Invasion Percolation: New Algorithms and Universality Classes},
  author={Sheppard, Adrian P and Knackstedt, Mark A and Pinczewski, Wolf Val and Sahimi, Muhammad},
  journal={Journal of Physics A: Mathematical and General},
  volume={32},
  number={49},
  pages={L521},
  year={1999},
  publisher={IOP Publishing}
}