@string{ECAI = "{European Conference on Artificial Intelligence}"}

@string{IJCAI = "{International Joint Conference on Artificial Intelligence}"}

@string{JAIR = "{J. Artif. Intell. Res.(JAIR)}"}

@string{KEPS = "{Proceedings of the ICAPS Workshop on Knowledge Engineering for Planning and Scheduling(KEPS)}"}

@string{ICAPS = "{Proceedings of the International Conference of Automated Planning and Scheduling(ICAPS)}"}

@string{SOCS = "{Annual Symposium on Combinatorial Search}"}

@string{SPARK = "{Scheduling and Planning Applications Workshop}"}

@string{SARA = "{Symposium on Abstraction, Reformulation, and Approximation}"}

