@Misc{BurnsCode,
  author = 	 {Ethan Burns},
  title = 	 {Heuristic search code library},
  howpublished = {https://github.com/eaburns/search},
  year = 	 2012}

 
